@Comment А вот так оформляется библиография при помощи BibTeX.
@Book{book2,
	title= "Performance visualization of parallel programs",
	author="D’Paola O.N",
	publisher="University of Southampton",
	year={1997}
}
@Book{test1_B,
	author =		 { Воеводин В.В., Воеводин Вл.В.},
	title = 		 {Параллельные вычисления},
	publisher = 	 {БХВ-Петербург},
	year = 		 {2002}
}
@Book{book3, 
	author = {Haake B., Schauser K.E., Scheiman C.J.},
	title = {Profiling a parallel language based on fine-grained communication},
	publisher = {University of California, Santa Barbara},
	year = {2001},	
}
@Book{book4, 
	title = {Portable Instrumentation Library},
	note={\url{http://www.csm.ornl.gov/picl/index.html}},	
}
@Book{book5, 
	title = {RESTful API на Node.js + MongoDB },
	note = {\url{https://habrahabr.ru/post/193458/}},	
}
@Book{book6, 
		author = {К. Дж. Дейт.},
		title = {Введение в системы баз данных},
		publisher = { М.: «Вильямс»},
		year = {2006},	
}
